<record><leader>00000cas a22000007a 4500</leader><controlfield tag="001">17375317</controlfield><controlfield tag="008">880122d19uu19uumsuwr ne      0    0eng d</controlfield><datafield ind1=" " ind2=" " tag="010"><subfield code="a">sn 88067109 </subfield></datafield><datafield ind1=" " ind2=" " tag="040"><subfield code="a">MFM</subfield><subfield code="b">eng</subfield><subfield code="c">MFM</subfield><subfield code="d">MSJ</subfield><subfield code="d">OCLCQ</subfield></datafield><datafield ind1=" " ind2=" " tag="042"><subfield code="a">msc</subfield></datafield><datafield ind1="0" ind2="4" tag="245"><subfield code="a">The DeKalb sentinel.</subfield></datafield><datafield ind1=" " ind2=" " tag="260"><subfield code="a">DeKalb, Miss. :</subfield><subfield code="b">W.E. Martin</subfield></datafield><datafield ind1=" " ind2=" " tag="310"><subfield code="a">Weekly</subfield></datafield><datafield ind1=" " ind2=" " tag="588"><subfield code="a">Description based on: Vol. 6, no. 51 (June 2, 1932).</subfield></datafield><datafield ind1=" " ind2=" " tag="752"><subfield code="a">United States</subfield><subfield code="b">Mississippi</subfield><subfield code="c">Kemper</subfield><subfield code="d">DeKalb.</subfield></datafield><datafield ind1="0" ind2="4" tag="785"><subfield code="t">Kemper County messenger</subfield><subfield code="w">(OCoLC)15079471</subfield></datafield></record>